[gd_scene load_steps=6 format=2]

[ext_resource path="res://Assets/Character/slimewin.png" type="Texture" id=1]
[ext_resource path="res://Assets/Fonts/TittleMainMenu.tres" type="DynamicFont" id=2]
[ext_resource path="res://Assets/Fonts/OptionButton.tres" type="DynamicFont" id=3]
[ext_resource path="res://Scripts/BacktoMainMenu.gd" type="Script" id=4]
[ext_resource path="res://Assets/Music/Heavy ConceptB.ogg" type="AudioStream" id=5]

[node name="Win" type="MarginContainer"]
anchor_right = 1.0
anchor_bottom = 1.0
custom_constants/margin_right = 120
custom_constants/margin_top = 80
custom_constants/margin_left = 120
custom_constants/margin_bottom = 80

[node name="background" type="Sprite" parent="."]
scale = Vector2( 1.0836, 0.846262 )
texture = ExtResource( 1 )
centered = false

[node name="VBoxContainer" type="VBoxContainer" parent="."]
margin_left = 405.0
margin_top = 80.0
margin_right = 619.0
margin_bottom = 520.0
size_flags_horizontal = 4
custom_constants/separation = 64

[node name="Win" type="Label" parent="VBoxContainer"]
margin_right = 214.0
margin_bottom = 247.0
custom_fonts/font = ExtResource( 2 )
custom_colors/font_color = Color( 0, 0, 0, 1 )
text = "YOU
WIN"
align = 1

[node name="VBoxContainer" type="VBoxContainer" parent="VBoxContainer"]
margin_left = 12.0
margin_top = 311.0
margin_right = 201.0
margin_bottom = 352.0
size_flags_horizontal = 4
custom_constants/separation = 32

[node name="MainMenu" type="LinkButton" parent="VBoxContainer/VBoxContainer"]
margin_right = 189.0
margin_bottom = 41.0
custom_fonts/font = ExtResource( 3 )
custom_colors/font_color = Color( 0, 0, 0, 1 )
custom_colors/font_color_hover = Color( 0, 0, 0, 1 )
text = "Main Menu"
underline = 1
script = ExtResource( 4 )
scene_to_load = "MainMenu"

[node name="BGM" type="AudioStreamPlayer2D" parent="."]
stream = ExtResource( 5 )
autoplay = true
[connection signal="pressed" from="VBoxContainer/VBoxContainer/MainMenu" to="VBoxContainer/VBoxContainer/MainMenu" method="_on_MainMenu_pressed"]
